<record><leader>00000cas a22000007a 4500</leader><controlfield tag="001">21942044</controlfield><controlfield tag="008">900629d18891uuugauwr ne      0    0eng d</controlfield><datafield ind1=" " ind2=" " tag="010"><subfield code="a">sn 90052074 </subfield></datafield><datafield ind1=" " ind2=" " tag="040"><subfield code="a">NLG</subfield><subfield code="b">eng</subfield><subfield code="c">NLG</subfield><subfield code="d">GUA</subfield><subfield code="d">OCLCQ</subfield><subfield code="d">OCLCF</subfield><subfield code="d">OCLCO</subfield></datafield><datafield ind1="1" ind2=" " tag="029"><subfield code="a">AU@</subfield><subfield code="b">000040824481</subfield></datafield><datafield ind1=" " ind2=" " tag="042"><subfield code="a">msc</subfield></datafield><datafield ind1=" " ind2=" " tag="043"><subfield code="a">n-us-ga</subfield></datafield><datafield ind1="0" ind2="4" tag="245"><subfield code="a">The Leader Fort Valley.</subfield></datafield><datafield ind1="1" ind2="3" tag="246"><subfield code="a">Fort Valley leader</subfield></datafield><datafield ind1="3" ind2="0" tag="246"><subfield code="a">Fort Valley The leader</subfield></datafield><datafield ind1=" " ind2=" " tag="260"><subfield code="a">Fort Valley, Ga. :</subfield><subfield code="b">T.V. Fagan</subfield></datafield><datafield ind1=" " ind2=" " tag="300"><subfield code="a">v.</subfield></datafield><datafield ind1=" " ind2=" " tag="310"><subfield code="a">Weekly</subfield></datafield><datafield ind1="1" ind2=" " tag="362"><subfield code="a">Began in 1889?</subfield></datafield><datafield ind1=" " ind2=" " tag="530"><subfield code="a">Also on microfilm: Athens, Ga. : University of Georgia Libraries.</subfield></datafield><datafield ind1=" " ind2=" " tag="588"><subfield code="a">Description based on: Vol. 2, no. 31 (Jan. 8, 1891).</subfield></datafield><datafield ind1=" " ind2="0" tag="651"><subfield code="a">Fort Valley (Ga.)</subfield><subfield code="v">Newspapers.</subfield></datafield><datafield ind1=" " ind2="0" tag="651"><subfield code="a">Peach County (Ga.)</subfield><subfield code="v">Newspapers.</subfield></datafield><datafield ind1=" " ind2="7" tag="655"><subfield code="a">Newspapers.</subfield><subfield code="2">fast</subfield><subfield code="0">(OCoLC)fst01423814</subfield></datafield><datafield ind1=" " ind2="7" tag="651"><subfield code="a">Georgia</subfield><subfield code="z">Fort Valley.</subfield><subfield code="2">fast</subfield><subfield code="0">(OCoLC)fst01226932</subfield></datafield><datafield ind1=" " ind2="7" tag="651"><subfield code="a">Georgia</subfield><subfield code="z">Peach County.</subfield><subfield code="2">fast</subfield><subfield code="0">(OCoLC)fst01211880</subfield></datafield><datafield ind1=" " ind2=" " tag="752"><subfield code="a">United States</subfield><subfield code="b">Georgia</subfield><subfield code="c">Peach</subfield><subfield code="d">Fort Valley.</subfield></datafield><datafield ind1=" " ind2=" " tag="752"><subfield code="a">United States</subfield><subfield code="b">Georgia</subfield><subfield code="c">Houston.</subfield></datafield><datafield ind1="0" ind2="0" tag="785"><subfield code="t">Fort Valley leader</subfield><subfield code="w">(DLC)sn 89053644</subfield><subfield code="w">(OCoLC)19749574</subfield></datafield></record>